%YAML 1.1
%TAG !u! tag:unity3d.com,2011:
--- !u!29 &1
OcclusionCullingSettings:
  m_ObjectHideFlags: 0
  serializedVersion: 2
  m_OcclusionBakeSettings:
    smallestOccluder: 5
    smallestHole: 0.25
    backfaceThreshold: 100
  m_SceneGUID: 00000000000000000000000000000000
  m_OcclusionCullingData: {fileID: 0}
--- !u!196 &4
NavMeshSettings:
  serializedVersion: 2
  m_ObjectHideFlags: 0
  m_BuildSettings:
    serializedVersion: 2
    agentTypeID: 0
    agentRadius: 0.5
    agentHeight: 2
    agentSlope: 45
    agentClimb: 0.4
    ledgeDropHeight: 0
    maxJumpAcrossDistance: 0
    minRegionArea: 2
    manualCellSize: 0
    cellSize: 0.16666667
    manualTileSize: 0
    tileSize: 256
    accuratePlacement: 0
    debug:
      m_Flags: 0
  m_NavMeshData: {fileID: 0}
--- !u!1 &45
GameObject:
  m_ObjectHideFlags: 0
  m_CorrespondingSourceObject: {fileID: 0}
  m_PrefabInternal: {fileID: 0}
  serializedVersion: 6
  m_Component:
  - component: {fileID: 120}
  - component: {fileID: 316}
  m_Layer: 0
  m_Name: Directional light
  m_TagString: Untagged
  m_Icon: {fileID: 0}
  m_NavMeshLayer: 0
  m_StaticEditorFlags: 0
  m_IsActive: 1
--- !u!4 &120
Transform:
  m_ObjectHideFlags: 0
  m_CorrespondingSourceObject: {fileID: 0}
  m_PrefabInternal: {fileID: 0}
  m_GameObject: {fileID: 45}
  m_LocalRotation: {x: 0.38268343, y: 0, z: 0, w: 0.92387956}
  m_LocalPosition: {x: 6.1004148, y: 29.7, z: -0.8}
  m_LocalScale: {x: 1, y: 1, z: 1}
  m_Children: []
  m_Father: {fileID: 0}
  m_RootOrder: 5
  m_LocalEulerAnglesHint: {x: 45, y: 0, z: 0}
--- !u!104 &315
RenderSettings:
  m_ObjectHideFlags: 0
  serializedVersion: 9
  m_Fog: 0
  m_FogColor: {r: 0.5, g: 0.5, b: 0.5, a: 1}
  m_FogMode: 3
  m_FogDensity: 0.01
  m_LinearFogStart: 0
  m_LinearFogEnd: 300
  m_AmbientSkyColor: {r: 0.212, g: 0.227, b: 0.259, a: 1}
  m_AmbientEquatorColor: {r: 0.114, g: 0.125, b: 0.133, a: 1}
  m_AmbientGroundColor: {r: 0.047, g: 0.043, b: 0.035, a: 1}
  m_AmbientIntensity: 1
  m_AmbientMode: 3
  m_SubtractiveShadowColor: {r: 0.42, g: 0.478, b: 0.627, a: 1}
  m_SkyboxMaterial: {fileID: 0}
  m_HaloStrength: 0.5
  m_FlareStrength: 1
  m_FlareFadeSpeed: 3
  m_HaloTexture: {fileID: 0}
  m_SpotCookie: {fileID: 10001, guid: 0000000000000000e000000000000000, type: 0}
  m_DefaultReflectionMode: 0
  m_DefaultReflectionResolution: 128
  m_ReflectionBounces: 1
  m_ReflectionIntensity: 1
  m_CustomReflection: {fileID: 0}
  m_Sun: {fileID: 0}
  m_IndirectSpecularColor: {r: 0, g: 0, b: 0, a: 1}
  m_UseRadianceAmbientProbe: 0
--- !u!108 &316
Light:
  m_ObjectHideFlags: 0
  m_CorrespondingSourceObject: {fileID: 0}
  m_PrefabInternal: {fileID: 0}
  m_GameObject: {fileID: 45}
  m_Enabled: 1
  serializedVersion: 8
  m_Type: 1
  m_Color: {r: 1, g: 1, b: 1, a: 1}
  m_Intensity: 1
  m_Range: 10
  m_SpotAngle: 30
  m_CookieSize: 10
  m_Shadows:
    m_Type: 2
    m_Resolution: 0
    m_CustomResolution: -1
    m_Strength: 0.56
    m_Bias: 0.1
    m_NormalBias: 0.4
    m_NearPlane: 0.2
  m_Cookie: {fileID: 0}
  m_DrawHalo: 0
  m_Flare: {fileID: 0}
  m_RenderMode: 0
  m_CullingMask:
    serializedVersion: 2
    m_Bits: 4294967295
  m_Lightmapping: 4
  m_LightShadowCasterMode: 0
  m_AreaSize: {x: 1, y: 1}
  m_BounceIntensity: 1
  m_ColorTemperature: 6570
  m_UseColorTemperature: 0
  m_ShadowRadius: 0
  m_ShadowAngle: 0
--- !u!157 &318
LightmapSettings:
  m_ObjectHideFlags: 0
  serializedVersion: 11
  m_GIWorkflowMode: 1
  m_GISettings:
    serializedVersion: 2
    m_BounceScale: 1
    m_IndirectOutputScale: 1
    m_AlbedoBoost: 1
    m_TemporalCoherenceThreshold: 1
    m_EnvironmentLightingMode: 0
    m_EnableBakedLightmaps: 0
    m_EnableRealtimeLightmaps: 0
  m_LightmapEditorSettings:
    serializedVersion: 10
    m_Resolution: 2
    m_BakeResolution: 40
    m_AtlasSize: 1024
    m_AO: 0
    m_AOMaxDistance: 1
    m_CompAOExponent: 1
    m_CompAOExponentDirect: 0
    m_Padding: 2
    m_LightmapParameters: {fileID: 0}
    m_LightmapsBakeMode: 1
    m_TextureCompression: 1
    m_FinalGather: 0
    m_FinalGatherFiltering: 1
    m_FinalGatherRayCount: 256
    m_ReflectionCompression: 2
    m_MixedBakeMode: 1
    m_BakeBackend: 0
    m_PVRSampling: 1
    m_PVRDirectSampleCount: 32
    m_PVRSampleCount: 500
    m_PVRBounces: 2
    m_PVRFilterTypeDirect: 0
    m_PVRFilterTypeIndirect: 0
    m_PVRFilterTypeAO: 0
    m_PVRFilteringMode: 1
    m_PVRCulling: 1
    m_PVRFilteringGaussRadiusDirect: 1
    m_PVRFilteringGaussRadiusIndirect: 5
    m_PVRFilteringGaussRadiusAO: 2
    m_PVRFilteringAtrousPositionSigmaDirect: 0.5
    m_PVRFilteringAtrousPositionSigmaIndirect: 2
    m_PVRFilteringAtrousPositionSigmaAO: 1
    m_ShowResolutionOverlay: 1
  m_LightingDataAsset: {fileID: 0}
  m_UseShadowmask: 0
--- !u!20 &26893759 stripped
Camera:
  m_CorrespondingSourceObject: {fileID: 20296514941066276, guid: 8df5aca0dacd7b94a8cb963482b34ecf,
    type: 2}
  m_PrefabInternal: {fileID: 460568744}
--- !u!1001 &203386815
Prefab:
  m_ObjectHideFlags: 0
  serializedVersion: 2
  m_Modification:
    m_TransformParent: {fileID: 0}
    m_Modifications:
    - target: {fileID: 224722951523208222, guid: a4cd0e14688b94b4b9b5f42127a8da2d,
        type: 2}
      propertyPath: m_LocalPosition.x
      value: 0
      objectReference: {fileID: 0}
    - target: {fileID: 224722951523208222, guid: a4cd0e14688b94b4b9b5f42127a8da2d,
        type: 2}
      propertyPath: m_LocalPosition.y
      value: 0
      objectReference: {fileID: 0}
    - target: {fileID: 224722951523208222, guid: a4cd0e14688b94b4b9b5f42127a8da2d,
        type: 2}
      propertyPath: m_LocalPosition.z
      value: 0
      objectReference: {fileID: 0}
    - target: {fileID: 224722951523208222, guid: a4cd0e14688b94b4b9b5f42127a8da2d,
        type: 2}
      propertyPath: m_LocalRotation.x
      value: 0
      objectReference: {fileID: 0}
    - target: {fileID: 224722951523208222, guid: a4cd0e14688b94b4b9b5f42127a8da2d,
        type: 2}
      propertyPath: m_LocalRotation.y
      value: 0
      objectReference: {fileID: 0}
    - target: {fileID: 224722951523208222, guid: a4cd0e14688b94b4b9b5f42127a8da2d,
        type: 2}
      propertyPath: m_LocalRotation.z
      value: 0
      objectReference: {fileID: 0}
    - target: {fileID: 224722951523208222, guid: a4cd0e14688b94b4b9b5f42127a8da2d,
        type: 2}
      propertyPath: m_LocalRotation.w
      value: 1
      objectReference: {fileID: 0}
    - target: {fileID: 224722951523208222, guid: a4cd0e14688b94b4b9b5f42127a8da2d,
        type: 2}
      propertyPath: m_RootOrder
      value: 0
      objectReference: {fileID: 0}
    - target: {fileID: 224722951523208222, guid: a4cd0e14688b94b4b9b5f42127a8da2d,
        type: 2}
      propertyPath: m_AnchoredPosition.x
      value: 0
      objectReference: {fileID: 0}
    - target: {fileID: 224722951523208222, guid: a4cd0e14688b94b4b9b5f42127a8da2d,
        type: 2}
      propertyPath: m_AnchoredPosition.y
      value: 0
      objectReference: {fileID: 0}
    - target: {fileID: 224722951523208222, guid: a4cd0e14688b94b4b9b5f42127a8da2d,
        type: 2}
      propertyPath: m_SizeDelta.x
      value: 0
      objectReference: {fileID: 0}
    - target: {fileID: 224722951523208222, guid: a4cd0e14688b94b4b9b5f42127a8da2d,
        type: 2}
      propertyPath: m_SizeDelta.y
      value: 0
      objectReference: {fileID: 0}
    - target: {fileID: 224722951523208222, guid: a4cd0e14688b94b4b9b5f42127a8da2d,
        type: 2}
      propertyPath: m_AnchorMin.x
      value: 0
      objectReference: {fileID: 0}
    - target: {fileID: 224722951523208222, guid: a4cd0e14688b94b4b9b5f42127a8da2d,
        type: 2}
      propertyPath: m_AnchorMin.y
      value: 0
      objectReference: {fileID: 0}
    - target: {fileID: 224722951523208222, guid: a4cd0e14688b94b4b9b5f42127a8da2d,
        type: 2}
      propertyPath: m_AnchorMax.x
      value: 0
      objectReference: {fileID: 0}
    - target: {fileID: 224722951523208222, guid: a4cd0e14688b94b4b9b5f42127a8da2d,
        type: 2}
      propertyPath: m_AnchorMax.y
      value: 0
      objectReference: {fileID: 0}
    - target: {fileID: 224722951523208222, guid: a4cd0e14688b94b4b9b5f42127a8da2d,
        type: 2}
      propertyPath: m_Pivot.x
      value: 0
      objectReference: {fileID: 0}
    - target: {fileID: 224722951523208222, guid: a4cd0e14688b94b4b9b5f42127a8da2d,
        type: 2}
      propertyPath: m_Pivot.y
      value: 0
      objectReference: {fileID: 0}
    m_RemovedComponents: []
  m_SourcePrefab: {fileID: 100100000, guid: a4cd0e14688b94b4b9b5f42127a8da2d, type: 2}
  m_IsPrefabAsset: 0
--- !u!1 &297391278 stripped
GameObject:
  m_CorrespondingSourceObject: {fileID: 1446851737231764, guid: ef78ef5dc1d271e49b89e20eaf0f9107,
    type: 2}
  m_PrefabInternal: {fileID: 2084194545}
--- !u!4 &333653205 stripped
Transform:
  m_CorrespondingSourceObject: {fileID: 4289805953199168, guid: ef78ef5dc1d271e49b89e20eaf0f9107,
    type: 2}
  m_PrefabInternal: {fileID: 2084194545}
--- !u!1 &348104648
GameObject:
  m_ObjectHideFlags: 0
  m_CorrespondingSourceObject: {fileID: 0}
  m_PrefabInternal: {fileID: 0}
  serializedVersion: 6
  m_Component:
  - component: {fileID: 348104649}
  - component: {fileID: 348104653}
  - component: {fileID: 348104652}
  - component: {fileID: 348104651}
  - component: {fileID: 348104650}
  m_Layer: 0
  m_Name: Sphere
  m_TagString: Untagged
  m_Icon: {fileID: 0}
  m_NavMeshLayer: 0
  m_StaticEditorFlags: 0
  m_IsActive: 1
--- !u!4 &348104649
Transform:
  m_ObjectHideFlags: 0
  m_CorrespondingSourceObject: {fileID: 0}
  m_PrefabInternal: {fileID: 0}
  m_GameObject: {fileID: 348104648}
  m_LocalRotation: {x: 0, y: 0, z: 0, w: 1}
  m_LocalPosition: {x: 0.5, y: -0.5, z: -100}
  m_LocalScale: {x: 0.25, y: 0.25, z: 1}
  m_Children: []
  m_Father: {fileID: 333653205}
  m_RootOrder: 6
  m_LocalEulerAnglesHint: {x: 0, y: 0, z: 0}
--- !u!114 &348104650
MonoBehaviour:
  m_ObjectHideFlags: 0
  m_CorrespondingSourceObject: {fileID: 0}
  m_PrefabInternal: {fileID: 0}
  m_GameObject: {fileID: 348104648}
  m_Enabled: 1
  m_EditorHideFlags: 0
  m_Script: {fileID: 11500000, guid: e057b8e7bcaf39d44b42881be0fe7623, type: 3}
  m_Name: 
  m_EditorClassIdentifier: 
--- !u!23 &348104651
MeshRenderer:
  m_ObjectHideFlags: 0
  m_CorrespondingSourceObject: {fileID: 0}
  m_PrefabInternal: {fileID: 0}
  m_GameObject: {fileID: 348104648}
  m_Enabled: 1
  m_CastShadows: 0
  m_ReceiveShadows: 1
  m_DynamicOccludee: 1
  m_MotionVectors: 1
  m_LightProbeUsage: 1
  m_ReflectionProbeUsage: 1
  m_RenderingLayerMask: 4294967295
  m_Materials:
  - {fileID: 2100000, guid: 36f4c6cc87565f84b997b67f88281fa3, type: 2}
  m_StaticBatchInfo:
    firstSubMesh: 0
    subMeshCount: 0
  m_StaticBatchRoot: {fileID: 0}
  m_ProbeAnchor: {fileID: 0}
  m_LightProbeVolumeOverride: {fileID: 0}
  m_ScaleInLightmap: 1
  m_PreserveUVs: 1
  m_IgnoreNormalsForChartDetection: 0
  m_ImportantGI: 0
  m_StitchLightmapSeams: 0
  m_SelectedEditorRenderState: 3
  m_MinimumChartSize: 4
  m_AutoUVMaxDistance: 0.5
  m_AutoUVMaxAngle: 89
  m_LightmapParameters: {fileID: 0}
  m_SortingLayerID: 0
  m_SortingLayer: 0
  m_SortingOrder: 0
--- !u!135 &348104652
SphereCollider:
  m_ObjectHideFlags: 0
  m_CorrespondingSourceObject: {fileID: 0}
  m_PrefabInternal: {fileID: 0}
  m_GameObject: {fileID: 348104648}
  m_Material: {fileID: 0}
  m_IsTrigger: 0
  m_Enabled: 1
  serializedVersion: 2
  m_Radius: 0.5
  m_Center: {x: 0, y: 0, z: 0}
--- !u!33 &348104653
MeshFilter:
  m_ObjectHideFlags: 0
  m_CorrespondingSourceObject: {fileID: 0}
  m_PrefabInternal: {fileID: 0}
  m_GameObject: {fileID: 348104648}
  m_Mesh: {fileID: 10207, guid: 0000000000000000e000000000000000, type: 0}
--- !u!1 &378867223
GameObject:
  m_ObjectHideFlags: 0
  m_CorrespondingSourceObject: {fileID: 0}
  m_PrefabInternal: {fileID: 0}
  serializedVersion: 6
  m_Component:
  - component: {fileID: 378867224}
  - component: {fileID: 378867228}
  - component: {fileID: 378867227}
  - component: {fileID: 378867226}
  - component: {fileID: 378867225}
  m_Layer: 0
  m_Name: Sphere (2)
  m_TagString: Untagged
  m_Icon: {fileID: 0}
  m_NavMeshLayer: 0
  m_StaticEditorFlags: 0
  m_IsActive: 1
--- !u!4 &378867224
Transform:
  m_ObjectHideFlags: 0
  m_CorrespondingSourceObject: {fileID: 0}
  m_PrefabInternal: {fileID: 0}
  m_GameObject: {fileID: 378867223}
  m_LocalRotation: {x: -0, y: -0, z: -0, w: 1}
  m_LocalPosition: {x: 0.5, y: 0.5, z: -100}
  m_LocalScale: {x: 0.25, y: 0.25, z: 1.0000004}
  m_Children: []
  m_Father: {fileID: 333653205}
  m_RootOrder: 8
  m_LocalEulerAnglesHint: {x: 0, y: 0, z: 0}
--- !u!114 &378867225
MonoBehaviour:
  m_ObjectHideFlags: 0
  m_CorrespondingSourceObject: {fileID: 0}
  m_PrefabInternal: {fileID: 0}
  m_GameObject: {fileID: 378867223}
  m_Enabled: 1
  m_EditorHideFlags: 0
  m_Script: {fileID: 11500000, guid: e057b8e7bcaf39d44b42881be0fe7623, type: 3}
  m_Name: 
  m_EditorClassIdentifier: 
--- !u!23 &378867226
MeshRenderer:
  m_ObjectHideFlags: 0
  m_CorrespondingSourceObject: {fileID: 0}
  m_PrefabInternal: {fileID: 0}
  m_GameObject: {fileID: 378867223}
  m_Enabled: 1
  m_CastShadows: 0
  m_ReceiveShadows: 1
  m_DynamicOccludee: 1
  m_MotionVectors: 1
  m_LightProbeUsage: 1
  m_ReflectionProbeUsage: 1
  m_RenderingLayerMask: 4294967295
  m_Materials:
  - {fileID: 2100000, guid: 36f4c6cc87565f84b997b67f88281fa3, type: 2}
  m_StaticBatchInfo:
    firstSubMesh: 0
    subMeshCount: 0
  m_StaticBatchRoot: {fileID: 0}
  m_ProbeAnchor: {fileID: 0}
  m_LightProbeVolumeOverride: {fileID: 0}
  m_ScaleInLightmap: 1
  m_PreserveUVs: 1
  m_IgnoreNormalsForChartDetection: 0
  m_ImportantGI: 0
  m_StitchLightmapSeams: 0
  m_SelectedEditorRenderState: 3
  m_MinimumChartSize: 4
  m_AutoUVMaxDistance: 0.5
  m_AutoUVMaxAngle: 89
  m_LightmapParameters: {fileID: 0}
  m_SortingLayerID: 0
  m_SortingLayer: 0
  m_SortingOrder: 0
--- !u!135 &378867227
SphereCollider:
  m_ObjectHideFlags: 0
  m_CorrespondingSourceObject: {fileID: 0}
  m_PrefabInternal: {fileID: 0}
  m_GameObject: {fileID: 378867223}
  m_Material: {fileID: 0}
  m_IsTrigger: 0
  m_Enabled: 1
  serializedVersion: 2
  m_Radius: 0.5
  m_Center: {x: 0, y: 0, z: 0}
--- !u!33 &378867228
MeshFilter:
  m_ObjectHideFlags: 0
  m_CorrespondingSourceObject: {fileID: 0}
  m_PrefabInternal: {fileID: 0}
  m_GameObject: {fileID: 378867223}
  m_Mesh: {fileID: 10207, guid: 0000000000000000e000000000000000, type: 0}
--- !u!1001 &412254180
Prefab:
  m_ObjectHideFlags: 0
  serializedVersion: 2
  m_Modification:
    m_TransformParent: {fileID: 0}
    m_Modifications:
    - target: {fileID: 4250572352878588, guid: 37ea1df8b698b8649af195fac3920ee4, type: 2}
      propertyPath: m_LocalPosition.x
      value: 0
      objectReference: {fileID: 0}
    - target: {fileID: 4250572352878588, guid: 37ea1df8b698b8649af195fac3920ee4, type: 2}
      propertyPath: m_LocalPosition.y
      value: 10.643
      objectReference: {fileID: 0}
    - target: {fileID: 4250572352878588, guid: 37ea1df8b698b8649af195fac3920ee4, type: 2}
      propertyPath: m_LocalPosition.z
      value: 0
      objectReference: {fileID: 0}
    - target: {fileID: 4250572352878588, guid: 37ea1df8b698b8649af195fac3920ee4, type: 2}
      propertyPath: m_LocalRotation.x
      value: -0
      objectReference: {fileID: 0}
    - target: {fileID: 4250572352878588, guid: 37ea1df8b698b8649af195fac3920ee4, type: 2}
      propertyPath: m_LocalRotation.y
      value: -0
      objectReference: {fileID: 0}
    - target: {fileID: 4250572352878588, guid: 37ea1df8b698b8649af195fac3920ee4, type: 2}
      propertyPath: m_LocalRotation.z
      value: -0
      objectReference: {fileID: 0}
    - target: {fileID: 4250572352878588, guid: 37ea1df8b698b8649af195fac3920ee4, type: 2}
      propertyPath: m_LocalRotation.w
      value: 1
      objectReference: {fileID: 0}
    - target: {fileID: 4250572352878588, guid: 37ea1df8b698b8649af195fac3920ee4, type: 2}
      propertyPath: m_RootOrder
      value: 3
      objectReference: {fileID: 0}
    - target: {fileID: 4250572352878588, guid: 37ea1df8b698b8649af195fac3920ee4, type: 2}
      propertyPath: m_LocalScale.x
      value: 1
      objectReference: {fileID: 0}
    - target: {fileID: 4250572352878588, guid: 37ea1df8b698b8649af195fac3920ee4, type: 2}
      propertyPath: m_LocalScale.z
      value: 1.5
      objectReference: {fileID: 0}
    m_RemovedComponents: []
  m_SourcePrefab: {fileID: 100100000, guid: 37ea1df8b698b8649af195fac3920ee4, type: 2}
  m_IsPrefabAsset: 0
--- !u!1 &416807868
GameObject:
  m_ObjectHideFlags: 0
  m_CorrespondingSourceObject: {fileID: 0}
  m_PrefabInternal: {fileID: 0}
  serializedVersion: 6
  m_Component:
  - component: {fileID: 416807871}
  - component: {fileID: 416807870}
  - component: {fileID: 416807869}
  m_Layer: 0
  m_Name: EventSystem
  m_TagString: Untagged
  m_Icon: {fileID: 0}
  m_NavMeshLayer: 0
  m_StaticEditorFlags: 0
  m_IsActive: 1
--- !u!114 &416807869
MonoBehaviour:
  m_ObjectHideFlags: 0
  m_CorrespondingSourceObject: {fileID: 0}
  m_PrefabInternal: {fileID: 0}
  m_GameObject: {fileID: 416807868}
  m_Enabled: 1
  m_EditorHideFlags: 0
  m_Script: {fileID: 1077351063, guid: f70555f144d8491a825f0804e09c671c, type: 3}
  m_Name: 
  m_EditorClassIdentifier: 
  m_HorizontalAxis: Horizontal
  m_VerticalAxis: Vertical
  m_SubmitButton: Submit
  m_CancelButton: Cancel
  m_InputActionsPerSecond: 10
  m_RepeatDelay: 0.5
  m_ForceModuleActive: 0
--- !u!114 &416807870
MonoBehaviour:
  m_ObjectHideFlags: 0
  m_CorrespondingSourceObject: {fileID: 0}
  m_PrefabInternal: {fileID: 0}
  m_GameObject: {fileID: 416807868}
  m_Enabled: 1
  m_EditorHideFlags: 0
  m_Script: {fileID: -619905303, guid: f70555f144d8491a825f0804e09c671c, type: 3}
  m_Name: 
  m_EditorClassIdentifier: 
  m_FirstSelected: {fileID: 0}
  m_sendNavigationEvents: 1
  m_DragThreshold: 5
--- !u!4 &416807871
Transform:
  m_ObjectHideFlags: 0
  m_CorrespondingSourceObject: {fileID: 0}
  m_PrefabInternal: {fileID: 0}
  m_GameObject: {fileID: 416807868}
  m_LocalRotation: {x: 0, y: 0, z: 0, w: 1}
  m_LocalPosition: {x: 0, y: 0, z: 0}
  m_LocalScale: {x: 1, y: 1, z: 1}
  m_Children: []
  m_Father: {fileID: 0}
  m_RootOrder: 7
  m_LocalEulerAnglesHint: {x: 0, y: 0, z: 0}
--- !u!1001 &460568744
Prefab:
  m_ObjectHideFlags: 0
  serializedVersion: 2
  m_Modification:
    m_TransformParent: {fileID: 0}
    m_Modifications:
    - target: {fileID: 4661315121491460, guid: 8df5aca0dacd7b94a8cb963482b34ecf, type: 2}
      propertyPath: m_LocalPosition.x
      value: 134.5
      objectReference: {fileID: 0}
    - target: {fileID: 4661315121491460, guid: 8df5aca0dacd7b94a8cb963482b34ecf, type: 2}
      propertyPath: m_LocalPosition.y
      value: -1
      objectReference: {fileID: 0}
    - target: {fileID: 4661315121491460, guid: 8df5aca0dacd7b94a8cb963482b34ecf, type: 2}
      propertyPath: m_LocalPosition.z
      value: 0
      objectReference: {fileID: 0}
    - target: {fileID: 4661315121491460, guid: 8df5aca0dacd7b94a8cb963482b34ecf, type: 2}
      propertyPath: m_LocalRotation.x
      value: 0.7071068
      objectReference: {fileID: 0}
    - target: {fileID: 4661315121491460, guid: 8df5aca0dacd7b94a8cb963482b34ecf, type: 2}
      propertyPath: m_LocalRotation.y
      value: 0
      objectReference: {fileID: 0}
    - target: {fileID: 4661315121491460, guid: 8df5aca0dacd7b94a8cb963482b34ecf, type: 2}
      propertyPath: m_LocalRotation.z
      value: 0
      objectReference: {fileID: 0}
    - target: {fileID: 4661315121491460, guid: 8df5aca0dacd7b94a8cb963482b34ecf, type: 2}
      propertyPath: m_LocalRotation.w
      value: 0.7071068
      objectReference: {fileID: 0}
    - target: {fileID: 4661315121491460, guid: 8df5aca0dacd7b94a8cb963482b34ecf, type: 2}
      propertyPath: m_RootOrder
      value: 8
      objectReference: {fileID: 0}
    m_RemovedComponents: []
  m_SourcePrefab: {fileID: 100100000, guid: 8df5aca0dacd7b94a8cb963482b34ecf, type: 2}
  m_IsPrefabAsset: 0
--- !u!1 &479787016
GameObject:
  m_ObjectHideFlags: 0
  m_CorrespondingSourceObject: {fileID: 0}
  m_PrefabInternal: {fileID: 0}
  serializedVersion: 6
  m_Component:
  - component: {fileID: 479787017}
  - component: {fileID: 479787021}
  - component: {fileID: 479787020}
  - component: {fileID: 479787019}
  - component: {fileID: 479787018}
  m_Layer: 0
  m_Name: Sphere (3)
  m_TagString: Untagged
  m_Icon: {fileID: 0}
  m_NavMeshLayer: 0
  m_StaticEditorFlags: 0
  m_IsActive: 1
--- !u!4 &479787017
Transform:
  m_ObjectHideFlags: 0
  m_CorrespondingSourceObject: {fileID: 0}
  m_PrefabInternal: {fileID: 0}
  m_GameObject: {fileID: 479787016}
  m_LocalRotation: {x: -0, y: -0, z: -0, w: 1}
  m_LocalPosition: {x: -0.5, y: 0.5, z: -100}
  m_LocalScale: {x: 0.25, y: 0.25, z: 1}
  m_Children: []
  m_Father: {fileID: 333653205}
  m_RootOrder: 9
  m_LocalEulerAnglesHint: {x: 0, y: 0, z: 0}
--- !u!114 &479787018
MonoBehaviour:
  m_ObjectHideFlags: 0
  m_CorrespondingSourceObject: {fileID: 0}
  m_PrefabInternal: {fileID: 0}
  m_GameObject: {fileID: 479787016}
  m_Enabled: 1
  m_EditorHideFlags: 0
  m_Script: {fileID: 11500000, guid: e057b8e7bcaf39d44b42881be0fe7623, type: 3}
  m_Name: 
  m_EditorClassIdentifier: 
--- !u!23 &479787019
MeshRenderer:
  m_ObjectHideFlags: 0
  m_CorrespondingSourceObject: {fileID: 0}
  m_PrefabInternal: {fileID: 0}
  m_GameObject: {fileID: 479787016}
  m_Enabled: 1
  m_CastShadows: 0
  m_ReceiveShadows: 1
  m_DynamicOccludee: 1
  m_MotionVectors: 1
  m_LightProbeUsage: 1
  m_ReflectionProbeUsage: 1
  m_RenderingLayerMask: 4294967295
  m_Materials:
  - {fileID: 2100000, guid: 36f4c6cc87565f84b997b67f88281fa3, type: 2}
  m_StaticBatchInfo:
    firstSubMesh: 0
    subMeshCount: 0
  m_StaticBatchRoot: {fileID: 0}
  m_ProbeAnchor: {fileID: 0}
  m_LightProbeVolumeOverride: {fileID: 0}
  m_ScaleInLightmap: 1
  m_PreserveUVs: 1
  m_IgnoreNormalsForChartDetection: 0
  m_ImportantGI: 0
  m_StitchLightmapSeams: 0
  m_SelectedEditorRenderState: 3
  m_MinimumChartSize: 4
  m_AutoUVMaxDistance: 0.5
  m_AutoUVMaxAngle: 89
  m_LightmapParameters: {fileID: 0}
  m_SortingLayerID: 0
  m_SortingLayer: 0
  m_SortingOrder: 0
--- !u!135 &479787020
SphereCollider:
  m_ObjectHideFlags: 0
  m_CorrespondingSourceObject: {fileID: 0}
  m_PrefabInternal: {fileID: 0}
  m_GameObject: {fileID: 479787016}
  m_Material: {fileID: 0}
  m_IsTrigger: 0
  m_Enabled: 1
  serializedVersion: 2
  m_Radius: 0.5
  m_Center: {x: 0, y: 0, z: 0}
--- !u!33 &479787021
MeshFilter:
  m_ObjectHideFlags: 0
  m_CorrespondingSourceObject: {fileID: 0}
  m_PrefabInternal: {fileID: 0}
  m_GameObject: {fileID: 479787016}
  m_Mesh: {fileID: 10207, guid: 0000000000000000e000000000000000, type: 0}
--- !u!1 &636538764 stripped
GameObject:
  m_CorrespondingSourceObject: {fileID: 1285892334006924, guid: 8df5aca0dacd7b94a8cb963482b34ecf,
    type: 2}
  m_PrefabInternal: {fileID: 460568744}
--- !u!1 &834986873 stripped
GameObject:
  m_CorrespondingSourceObject: {fileID: 1243844834596514, guid: d8ff4f254bb697648a912c6a45845a03,
    type: 2}
  m_PrefabInternal: {fileID: 2069747194}
--- !u!114 &834986874
MonoBehaviour:
  m_ObjectHideFlags: 0
  m_CorrespondingSourceObject: {fileID: 0}
  m_PrefabInternal: {fileID: 0}
  m_GameObject: {fileID: 834986873}
  m_Enabled: 1
  m_EditorHideFlags: 0
  m_Script: {fileID: 11500000, guid: 932936d1e2de7e4428bf77f81b48396d, type: 3}
  m_Name: 
  m_EditorClassIdentifier: 
  Camera1: {fileID: 1145339432}
  screen: {fileID: 297391278}
  Camera2: {fileID: 26893759}
  screen2: {fileID: 636538764}
--- !u!114 &834986875
MonoBehaviour:
  m_ObjectHideFlags: 0
  m_CorrespondingSourceObject: {fileID: 0}
  m_PrefabInternal: {fileID: 0}
  m_GameObject: {fileID: 834986873}
  m_Enabled: 1
  m_EditorHideFlags: 0
  m_Script: {fileID: 11500000, guid: bb988a9fedaf5b34e94bdfd468cf40e9, type: 3}
  m_Name: 
  m_EditorClassIdentifier: 
--- !u!1 &953538262
GameObject:
  m_ObjectHideFlags: 0
  m_CorrespondingSourceObject: {fileID: 0}
  m_PrefabInternal: {fileID: 0}
  serializedVersion: 6
  m_Component:
  - component: {fileID: 953538263}
  - component: {fileID: 953538267}
  - component: {fileID: 953538266}
  - component: {fileID: 953538265}
  - component: {fileID: 953538264}
  m_Layer: 0
  m_Name: Sphere (1)
  m_TagString: Untagged
  m_Icon: {fileID: 0}
  m_NavMeshLayer: 0
  m_StaticEditorFlags: 0
  m_IsActive: 1
--- !u!4 &953538263
Transform:
  m_ObjectHideFlags: 0
  m_CorrespondingSourceObject: {fileID: 0}
  m_PrefabInternal: {fileID: 0}
  m_GameObject: {fileID: 953538262}
  m_LocalRotation: {x: -0, y: -0, z: -0, w: 1}
  m_LocalPosition: {x: -0.5, y: -0.5, z: -199}
  m_LocalScale: {x: 0.25, y: 0.25, z: 1.0000004}
  m_Children: []
  m_Father: {fileID: 333653205}
  m_RootOrder: 7
  m_LocalEulerAnglesHint: {x: 0, y: 0, z: 0}
--- !u!114 &953538264
MonoBehaviour:
  m_ObjectHideFlags: 0
  m_CorrespondingSourceObject: {fileID: 0}
  m_PrefabInternal: {fileID: 0}
  m_GameObject: {fileID: 953538262}
  m_Enabled: 1
  m_EditorHideFlags: 0
  m_Script: {fileID: 11500000, guid: e057b8e7bcaf39d44b42881be0fe7623, type: 3}
  m_Name: 
  m_EditorClassIdentifier: 
--- !u!23 &953538265
MeshRenderer:
  m_ObjectHideFlags: 0
  m_CorrespondingSourceObject: {fileID: 0}
  m_PrefabInternal: {fileID: 0}
  m_GameObject: {fileID: 953538262}
  m_Enabled: 1
  m_CastShadows: 0
  m_ReceiveShadows: 1
  m_DynamicOccludee: 1
  m_MotionVectors: 1
  m_LightProbeUsage: 1
  m_ReflectionProbeUsage: 1
  m_RenderingLayerMask: 4294967295
  m_Materials:
  - {fileID: 2100000, guid: 36f4c6cc87565f84b997b67f88281fa3, type: 2}
  m_StaticBatchInfo:
    firstSubMesh: 0
    subMeshCount: 0
  m_StaticBatchRoot: {fileID: 0}
  m_ProbeAnchor: {fileID: 0}
  m_LightProbeVolumeOverride: {fileID: 0}
  m_ScaleInLightmap: 1
  m_PreserveUVs: 1
  m_IgnoreNormalsForChartDetection: 0
  m_ImportantGI: 0
  m_StitchLightmapSeams: 0
  m_SelectedEditorRenderState: 3
  m_MinimumChartSize: 4
  m_AutoUVMaxDistance: 0.5
  m_AutoUVMaxAngle: 89
  m_LightmapParameters: {fileID: 0}
  m_SortingLayerID: 0
  m_SortingLayer: 0
  m_SortingOrder: 0
--- !u!135 &953538266
SphereCollider:
  m_ObjectHideFlags: 0
  m_CorrespondingSourceObject: {fileID: 0}
  m_PrefabInternal: {fileID: 0}
  m_GameObject: {fileID: 953538262}
  m_Material: {fileID: 0}
  m_IsTrigger: 0
  m_Enabled: 1
  serializedVersion: 2
  m_Radius: 0.5
  m_Center: {x: 0, y: 0, z: 0}
--- !u!33 &953538267
MeshFilter:
  m_ObjectHideFlags: 0
  m_CorrespondingSourceObject: {fileID: 0}
  m_PrefabInternal: {fileID: 0}
  m_GameObject: {fileID: 953538262}
  m_Mesh: {fileID: 10207, guid: 0000000000000000e000000000000000, type: 0}
--- !u!20 &1145339432 stripped
Camera:
  m_CorrespondingSourceObject: {fileID: 20884609739102800, guid: ef78ef5dc1d271e49b89e20eaf0f9107,
    type: 2}
  m_PrefabInternal: {fileID: 2084194545}
--- !u!1001 &1189642067
Prefab:
  m_ObjectHideFlags: 0
  serializedVersion: 2
  m_Modification:
    m_TransformParent: {fileID: 0}
    m_Modifications:
    - target: {fileID: 4773450270106846, guid: 8ef5be5f900c28f4db5b10caf558d0ae, type: 2}
      propertyPath: m_LocalPosition.x
      value: 0
      objectReference: {fileID: 0}
    - target: {fileID: 4773450270106846, guid: 8ef5be5f900c28f4db5b10caf558d0ae, type: 2}
      propertyPath: m_LocalPosition.y
      value: -10
      objectReference: {fileID: 0}
    - target: {fileID: 4773450270106846, guid: 8ef5be5f900c28f4db5b10caf558d0ae, type: 2}
      propertyPath: m_LocalPosition.z
      value: 0
      objectReference: {fileID: 0}
    - target: {fileID: 4773450270106846, guid: 8ef5be5f900c28f4db5b10caf558d0ae, type: 2}
      propertyPath: m_LocalRotation.x
      value: 0
      objectReference: {fileID: 0}
    - target: {fileID: 4773450270106846, guid: 8ef5be5f900c28f4db5b10caf558d0ae, type: 2}
      propertyPath: m_LocalRotation.y
      value: 0
      objectReference: {fileID: 0}
    - target: {fileID: 4773450270106846, guid: 8ef5be5f900c28f4db5b10caf558d0ae, type: 2}
      propertyPath: m_LocalRotation.z
      value: 0
      objectReference: {fileID: 0}
    - target: {fileID: 4773450270106846, guid: 8ef5be5f900c28f4db5b10caf558d0ae, type: 2}
      propertyPath: m_LocalRotation.w
      value: 1
      objectReference: {fileID: 0}
    - target: {fileID: 4773450270106846, guid: 8ef5be5f900c28f4db5b10caf558d0ae, type: 2}
      propertyPath: m_RootOrder
      value: 4
      objectReference: {fileID: 0}
    m_RemovedComponents: []
  m_SourcePrefab: {fileID: 100100000, guid: 8ef5be5f900c28f4db5b10caf558d0ae, type: 2}
  m_IsPrefabAsset: 0
--- !u!1001 &1952122297
Prefab:
  m_ObjectHideFlags: 0
  serializedVersion: 2
  m_Modification:
    m_TransformParent: {fileID: 0}
    m_Modifications:
    - target: {fileID: 4590971721887174, guid: cbd938b974dfcc945996b0365c0c28d4, type: 2}
      propertyPath: m_LocalPosition.x
      value: 8935.023
      objectReference: {fileID: 0}
    - target: {fileID: 4590971721887174, guid: cbd938b974dfcc945996b0365c0c28d4, type: 2}
      propertyPath: m_LocalPosition.y
      value: -760.9258
      objectReference: {fileID: 0}
    - target: {fileID: 4590971721887174, guid: cbd938b974dfcc945996b0365c0c28d4, type: 2}
      propertyPath: m_LocalPosition.z
      value: 2832.483
      objectReference: {fileID: 0}
    - target: {fileID: 4590971721887174, guid: cbd938b974dfcc945996b0365c0c28d4, type: 2}
      propertyPath: m_LocalRotation.x
      value: 0
      objectReference: {fileID: 0}
    - target: {fileID: 4590971721887174, guid: cbd938b974dfcc945996b0365c0c28d4, type: 2}
      propertyPath: m_LocalRotation.y
      value: 0
      objectReference: {fileID: 0}
    - target: {fileID: 4590971721887174, guid: cbd938b974dfcc945996b0365c0c28d4, type: 2}
      propertyPath: m_LocalRotation.z
      value: 0
      objectReference: {fileID: 0}
    - target: {fileID: 4590971721887174, guid: cbd938b974dfcc945996b0365c0c28d4, type: 2}
      propertyPath: m_LocalRotation.w
      value: 1
      objectReference: {fileID: 0}
    - target: {fileID: 4590971721887174, guid: cbd938b974dfcc945996b0365c0c28d4, type: 2}
      propertyPath: m_RootOrder
      value: 1
      objectReference: {fileID: 0}
    m_RemovedComponents: []
  m_SourcePrefab: {fileID: 100100000, guid: cbd938b974dfcc945996b0365c0c28d4, type: 2}
  m_IsPrefabAsset: 0
--- !u!1001 &2069747194
Prefab:
  m_ObjectHideFlags: 0
  serializedVersion: 2
  m_Modification:
    m_TransformParent: {fileID: 0}
    m_Modifications:
    - target: {fileID: 4783887554431414, guid: d8ff4f254bb697648a912c6a45845a03, type: 2}
      propertyPath: m_LocalPosition.x
      value: 30.078394
      objectReference: {fileID: 0}
    - target: {fileID: 4783887554431414, guid: d8ff4f254bb697648a912c6a45845a03, type: 2}
      propertyPath: m_LocalPosition.y
      value: -1.546875
      objectReference: {fileID: 0}
    - target: {fileID: 4783887554431414, guid: d8ff4f254bb697648a912c6a45845a03, type: 2}
      propertyPath: m_LocalPosition.z
      value: 1.913208
      objectReference: {fileID: 0}
    - target: {fileID: 4783887554431414, guid: d8ff4f254bb697648a912c6a45845a03, type: 2}
      propertyPath: m_LocalRotation.x
      value: 0
      objectReference: {fileID: 0}
    - target: {fileID: 4783887554431414, guid: d8ff4f254bb697648a912c6a45845a03, type: 2}
      propertyPath: m_LocalRotation.y
      value: 0
      objectReference: {fileID: 0}
    - target: {fileID: 4783887554431414, guid: d8ff4f254bb697648a912c6a45845a03, type: 2}
      propertyPath: m_LocalRotation.z
      value: 0
      objectReference: {fileID: 0}
    - target: {fileID: 4783887554431414, guid: d8ff4f254bb697648a912c6a45845a03, type: 2}
      propertyPath: m_LocalRotation.w
      value: 1
      objectReference: {fileID: 0}
    - target: {fileID: 4783887554431414, guid: d8ff4f254bb697648a912c6a45845a03, type: 2}
      propertyPath: m_RootOrder
      value: 6
      objectReference: {fileID: 0}
    - target: {fileID: 114355489361546734, guid: d8ff4f254bb697648a912c6a45845a03,
        type: 2}
      propertyPath: develop
      value: 1
      objectReference: {fileID: 0}
    - target: {fileID: 114355489361546734, guid: d8ff4f254bb697648a912c6a45845a03,
        type: 2}
      propertyPath: Progress
      value: 
      objectReference: {fileID: 0}
    - target: {fileID: 114355489361546734, guid: d8ff4f254bb697648a912c6a45845a03,
        type: 2}
      propertyPath: begin
      value: 
      objectReference: {fileID: 0}
    m_RemovedComponents: []
  m_SourcePrefab: {fileID: 100100000, guid: d8ff4f254bb697648a912c6a45845a03, type: 2}
  m_IsPrefabAsset: 0
--- !u!1001 &2084194545
Prefab:
  m_ObjectHideFlags: 0
  serializedVersion: 2
  m_Modification:
    m_TransformParent: {fileID: 0}
    m_Modifications:
    - target: {fileID: 4289805953199168, guid: ef78ef5dc1d271e49b89e20eaf0f9107, type: 2}
      propertyPath: m_LocalPosition.x
      value: 0.1
      objectReference: {fileID: 0}
    - target: {fileID: 4289805953199168, guid: ef78ef5dc1d271e49b89e20eaf0f9107, type: 2}
      propertyPath: m_LocalPosition.y
      value: -1
      objectReference: {fileID: 0}
    - target: {fileID: 4289805953199168, guid: ef78ef5dc1d271e49b89e20eaf0f9107, type: 2}
      propertyPath: m_LocalPosition.z
      value: 0
      objectReference: {fileID: 0}
    - target: {fileID: 4289805953199168, guid: ef78ef5dc1d271e49b89e20eaf0f9107, type: 2}
      propertyPath: m_LocalRotation.x
      value: 0.7071068
      objectReference: {fileID: 0}
    - target: {fileID: 4289805953199168, guid: ef78ef5dc1d271e49b89e20eaf0f9107, type: 2}
      propertyPath: m_LocalRotation.y
      value: 0
      objectReference: {fileID: 0}
    - target: {fileID: 4289805953199168, guid: ef78ef5dc1d271e49b89e20eaf0f9107, type: 2}
      propertyPath: m_LocalRotation.z
      value: 0
      objectReference: {fileID: 0}
    - target: {fileID: 4289805953199168, guid: ef78ef5dc1d271e49b89e20eaf0f9107, type: 2}
      propertyPath: m_LocalRotation.w
      value: 0.7071068
      objectReference: {fileID: 0}
    - target: {fileID: 4289805953199168, guid: ef78ef5dc1d271e49b89e20eaf0f9107, type: 2}
      propertyPath: m_RootOrder
      value: 2
      objectReference: {fileID: 0}
    - target: {fileID: 20884609739102800, guid: ef78ef5dc1d271e49b89e20eaf0f9107,
        type: 2}
      propertyPath: m_Depth
      value: 0
      objectReference: {fileID: 0}
    - target: {fileID: 1657328235966714, guid: ef78ef5dc1d271e49b89e20eaf0f9107, type: 2}
      propertyPath: m_Name
      value: Table
      objectReference: {fileID: 0}
    - target: {fileID: 23039621525901690, guid: ef78ef5dc1d271e49b89e20eaf0f9107,
        type: 2}
      propertyPath: m_ReceiveShadows
      value: 1
      objectReference: {fileID: 0}
    - target: {fileID: 1446851737231764, guid: ef78ef5dc1d271e49b89e20eaf0f9107, type: 2}
      propertyPath: m_IsActive
      value: 1
      objectReference: {fileID: 0}
    - target: {fileID: 1244723669409480, guid: ef78ef5dc1d271e49b89e20eaf0f9107, type: 2}
      propertyPath: m_IsActive
      value: 0
      objectReference: {fileID: 0}
    - target: {fileID: 1657328235966714, guid: ef78ef5dc1d271e49b89e20eaf0f9107, type: 2}
      propertyPath: m_IsActive
      value: 1
      objectReference: {fileID: 0}
    m_RemovedComponents:
    - {fileID: 114755679899802734, guid: ef78ef5dc1d271e49b89e20eaf0f9107, type: 2}
    - {fileID: 114838393893852628, guid: ef78ef5dc1d271e49b89e20eaf0f9107, type: 2}
  m_SourcePrefab: {fileID: 100100000, guid: ef78ef5dc1d271e49b89e20eaf0f9107, type: 2}
  m_IsPrefabAsset: 0
