%YAML 1.1
%TAG !u! tag:unity3d.com,2011:
--- !u!1001 &100100000
Prefab:
  m_ObjectHideFlags: 1
  serializedVersion: 2
  m_Modification:
    m_TransformParent: {fileID: 0}
    m_Modifications: []
    m_RemovedComponents: []
  m_SourcePrefab: {fileID: 0}
  m_RootGameObject: {fileID: 1029053960361528}
  m_IsPrefabAsset: 1
--- !u!1 &1029053960361528
GameObject:
  m_ObjectHideFlags: 0
  m_CorrespondingSourceObject: {fileID: 0}
  m_PrefabInternal: {fileID: 100100000}
  serializedVersion: 6
  m_Component:
  - component: {fileID: 4590971721887174}
  - component: {fileID: 114346291156636226}
  - component: {fileID: 114984436834607608}
  - component: {fileID: 114330263072689322}
  m_Layer: 0
  m_Name: Touch Menager
  m_TagString: TouchManager
  m_Icon: {fileID: 0}
  m_NavMeshLayer: 0
  m_StaticEditorFlags: 0
  m_IsActive: 1
--- !u!4 &4590971721887174
Transform:
  m_ObjectHideFlags: 1
  m_CorrespondingSourceObject: {fileID: 0}
  m_PrefabInternal: {fileID: 100100000}
  m_GameObject: {fileID: 1029053960361528}
  m_LocalRotation: {x: 0, y: 0, z: 0, w: 1}
  m_LocalPosition: {x: 8935.023, y: -760.9258, z: 2832.483}
  m_LocalScale: {x: 1, y: 1, z: 1}
  m_Children: []
  m_Father: {fileID: 0}
  m_RootOrder: 0
  m_LocalEulerAnglesHint: {x: 0, y: 0, z: 0}
--- !u!114 &114330263072689322
MonoBehaviour:
  m_ObjectHideFlags: 1
  m_CorrespondingSourceObject: {fileID: 0}
  m_PrefabInternal: {fileID: 100100000}
  m_GameObject: {fileID: 1029053960361528}
  m_Enabled: 1
  m_EditorHideFlags: 0
  m_Script: {fileID: 11500000, guid: 9c4b35b5ee8a443439ce04199575743f, type: 3}
  m_Name: 
  m_EditorClassIdentifier: 
  advancedProps: 0
  tuioPort: 3333
  supportedInputs: 7
  tuioObjectMappings: []
  cursorTags:
    tagList:
    - TUIO
    - Touch
  blobTags:
    tagList:
    - TUIO
    - Touch
  objectTags:
    tagList:
    - TUIO
    - Object
--- !u!114 &114346291156636226
MonoBehaviour:
  m_ObjectHideFlags: 1
  m_CorrespondingSourceObject: {fileID: 0}
  m_PrefabInternal: {fileID: 100100000}
  m_GameObject: {fileID: 1029053960361528}
  m_Enabled: 1
  m_EditorHideFlags: 0
  m_Script: {fileID: 11500000, guid: 0dd4c394fe06f4ea49e03aaa5e7a8190, type: 3}
  m_Name: 
  m_EditorClassIdentifier: 
  displayDevice: {fileID: 0}
  shouldCreateCameraLayer: 1
  shouldCreateStandardInput: 1
  useSendMessage: 0
  sendMessageEvents: 60
  sendMessageTarget: {fileID: 0}
  layers: []
--- !u!114 &114984436834607608
MonoBehaviour:
  m_ObjectHideFlags: 1
  m_CorrespondingSourceObject: {fileID: 0}
  m_PrefabInternal: {fileID: 100100000}
  m_GameObject: {fileID: 1029053960361528}
  m_Enabled: 1
  m_EditorHideFlags: 0
  m_Script: {fileID: 11500000, guid: e276ccba4f7314d9988af19f9b3a611b, type: 3}
  m_Name: 
  m_EditorClassIdentifier: 
  advancedProps: 0
  TouchTags:
    tagList:
    - Touch
  MouseTags:
    tagList:
    - Mouse
  PenTags:
    tagList:
    - Pen
  Windows8Touch: 0
  Windows7Touch: 0
  WebPlayerTouch: 1
  WebGLTouch: 1
  Windows8Mouse: 1
  Windows7Mouse: 1
  UniversalWindowsMouse: 1
